@online{PWM,
title = {Pulse-width-modulation},
date = {11/27/2017},
url = {https://en.wikipedia.org/wiki/Pulse-width_modulation},
author = {Wikipedia},
}

@misc{problem-description,
author={EIVA},
year={2017},
title={ELECTRONICS/SOFTWARE - Boat autopilot},
}

@online{NMEA,
title = {The NMEA 0183 Protocol},
date = {11/28/2017},
url = {http://www.tronico.fi/OH6NT/docs/NMEA0183.pdf},
author = {National Marine Electronics Association},
}

@online{NMEA_dale,
title = {NMEA data},
date = {10/03/2017},
url = {http://www.gpsinformation.org/dale/nmea.htm},
author = {Dale DePriest},
}

@online{NMEA_wiki,
title = {NMEA 0183 },
date = {06/15/2017},
url = {https://en.wikipedia.org/wiki/NMEA_0183},
author = {Wikipedia},
}

@online{WIFI,
title = {IEEE 802.11TM WIRELESS LOCAL AREA NETWORKS},
date = {11/28/2017},
url = {http://www.ieee802.org/11/},
author = {IEEE},
}

@online{ethernet,
title = {IEEE 802.3 ETHERNET},
date = {11/28/2017},
url = {http://www.ieee802.org/3/},
author = {IEEE},
}

@online{hull-types,
title = {Hull Types and How They Operate},
date = {11/28/2017},
url = {https://www.boat-ed.com/pennsylvania/studyGuide/Hull-Types-and-How-They-Operate/101039_101039011/},
author = {Kalkomey Enterprises},
}

@online{motor_config,
title = {Outboard, Inboard, or Inboard/Outboard (IO) Engines – What’s the Difference?},
date = {11/28/2017},
url = {https://usedboatwarehouse.com/2017/02/outboard-inboard-inboardoutboard-io-engines-whats-difference/},
author = {UsedBoatWarehouse.com},
}

@online{saint_princess,
title = {Hobby Engine Saint Princess 2.4GHz},
date = {11/28/2017},
url = {https://midhobby.dk/produkter/8-fjernstyret-baad/45057-hobby-engine-saint-princess-24ghz/},
author = {midhobby.dk},
}

@online{asus-tinker-board,
title = {Tinker Board},
date = {11/28/2017},
url = {https://www.asus.com/uk/Single-Board-Computer/Tinker-Board/specifications/},
author = {Asus},
}

@online{banana-pi,
title = {What is Banana Pi M3?},
date = {11/28/2017},
url = {http://www.banana-pi.org/m3.html},
author = {Sinovoip},
}

@online{beagle-x15,
title = {BeagleBoard-X15},
date = {11/28/2017},
url = {https://beagleboard.org/x15},
author = {beagleboard.org},
}

@online{beagle-bone,
title = {BeagleBone Black Wireless},
date = {11/28/2017},
url = {https://beagleboard.org/black-wireless},
author = {beagleboard.org},
}

@online{chip-pro,
title = {Get Started with the C.H.I.P. Pro Dev Kit!},
date = {11/28/2017},
url = {https://docs.getchip.com/chip_pro_devkit.html},
author = {Next Thing Co.},
}

@online{intel-edison,
title = {INTEL® EDISON MODULE DOCUMENTATION},
date = {11/28/2017},
url = {https://software.intel.com/en-us/iot/hardware/edison/documentation},
author = {Intel},
}

@online{nanopc,
title = {NanoPc-T3},
date = {09/20/2017},
url = {http://www.friendlyarm.com/index.php?route=product/product&product_id=123},
author = {friendlyarm.com},
}

@online{nanopi,
title = {NanoPi 2 Fire},
date = {11/28/2017},
url = {http://nanopi.io/nanopi2-fire.html},
author = {friendlyarm.com},
}

@online{odroid,
title = {ODROID-C2},
date = {11/28/2017},
url = {http://www.hardkernel.com/main/products/prdt_info.php?g_code=G145457216438&tab_idx=1},
author = {Hardkernel co.},
}

@online{orangepi,
title = {What’s Orange Pi Plus2?},
date = {11/28/2017},
url = {http://www.orangepi.org/orangepiplus2/},
author = {Xunlong Software CO.},
}

@online{parallella,
title = {Parallella},
date = {11/28/2017},
url = {https://www.parallella.org/docs/parallella_manual.pdf},
author = {Parallella.org},
}

@online{pinea64,
title = {64-bit Single Board Computer: Simple, expandable \& powerful},
date = {11/28/2017},
url = {https://www.pine64.org/?page_id=1194},
author = {PINE64},
}

@online{pixiepro,
title = {PixiePro},
date = {11/28/2017},
url = {https://store.treats4geeks.com/index.php/pixiepro-27.html},
author = {treats4geeks},
}

@online{rpi,
title = {Raspberry Pi},
date = {11/28/2017},
url = {https://www.raspberrypi.org/},
author = {Raspberry Pi Foundation},
}

@online{udoo-quad,
title = {UDOO QUAD},
date = {28/11/2017},
url = {https://shop.udoo.org/eu/quad-dual/udoo-quad.html},
author = {UDOO},
}

@online{ublox-datasheet,
title = {NEO-7 u-blox 7 GNSS modules Data Sheet},
date = {28/11/2017},
url = {https://www.u-blox.com/sites/default/files/products/documents/NEO-7_DataSheet_%28UBX-13003830%29.pdf},
author = {u-blox},
}

@online{ublox-image,
title = {Image of u-blox neo7m-0-000},
date = {11/28/2017},
url = {https://ae01.alicdn.com/kf/HTB10WXyJpXXXXclXVXXq6xXFXXX1/5pcs-lot-Ublox-NEO-7M-000-GPS-Module-MWC-APM2-6-Replace-NEO-6M-GYGPSV3-NEO7M.jpg},
author = {aliexpress},
}

@online{md30,
title = {Cytron 30A DC Motor Driver},
date = {11/28/2017},
url = {https://www.cytron.io/p-md30c},
author = {Cytron},
}

@online{stepdown,
title = {LM2596 DC-DC 4-40V adjustable step-down power Supply module},
date = {11/28/2017},
url = {https://elektronik-lavpris.dk/p129673/modu0024-lm2596-dc-dc-4-40v-adjustable-step-down-power-supply-module/},
author = {Elektronik lavpris},
}

@online{levelshifter,
title = {Bi-Directional Logic Level Converter (4 Channel)},
date = {11/28/2017},
url = {https://www.addicore.com/Logic-Level-Converter-Bi-Directional-5V-to-3-3V-p/227.htm},
author = {Addicore},
}

@online{rpi-current,
title = {What is the maximum current the GPIO pins can output?},
date = {12/1/2017},
url = {https://raspberrypi.stackexchange.com/questions/9298/what-is-the-maximum-current-the-gpio-pins-can-output},
author = {SLaG},
}

@online{perfboard,
title = {Perfboard},
date = {12/06/2017},
url = {https://en.wikipedia.org/wiki/Perfboard},
author = {Wikipedia},
}

@online{banana-connector,
title = {FCR7350R -  Banana Test Connector, 4mm, Receptacle, PCB Mount, 24 A, 1 kV, Gold Plated Contacts, Red},
date = {12/06/2017},
url = {http://uk.farnell.com/cliff-electronic-components/fcr7350r/socket-pcb-4mm-r-a-s16n-pc-red/dp/1854508},
author = {Farnell, element14},
}

@online{pigpio,
title = {pigpio C Interface},
date = {11/28/2017},
url = {http://abyz.me.uk/rpi/pigpio/cif.html},
author = {abyz.me.uk},
}

@online{simple_serial,
title = {SimpleSerial.h},
date = {11/28/2017},
url = {https://github.com/fedetft/serial-port/blob/master/1_simple/SimpleSerial.h},
author = {Terraneo Federico},
}

@online{convertion,
title = {Converting NMEA sentence Latitude and Longitude to Decimal Degrees},
date = {11/28/2017},
url = {https://www.experts-exchange.com/questions/22112629/Converting-NMEA-sentence-Latitude-and-Longitude-to-Decimal-Degrees.html},
author = {imarshad},
}

@online{bootstrap,
title = {Bootstrap},
url = {https://getbootstrap.com/},
author = {Mark Otto},
}

@online{angular,
title = {Angular - One framework. Mobile \& desktop},
date = {11/28/2017},
url = {https://angular.io/},
author = {Google},
}

@online{leaflet,
title = {angular-leaflet-directive},
date = {11/28/2017},
url = {https://tombatossals.github.io/angular-leaflet-directive/#!/},
author = {David Rubert},
}

@online{nodejs,
title = {Node.js},
date = {11/28/2017},
url = {https://nodejs.org/en/},
author = {Node.js Foundation},
}

@online{minipid,
title = {miniPID},
date = {11/28/2017},
url = {https://github.com/tekdemo/MiniPID},
author = {Dan Sheadel},
}

@online{json,
title = {JSON for modern C++},
date = {11/28/2017},
url = {https://github.com/nlohmann/json},
author = {Niels Lohmann},
}

@online{trello,
title = {Trello lets you work more collaboratively and get more done.},
date = {12/11/2017},
url = {https://trello.com/},
author = {Trello inc},
}

@online{github_desktop,
title = {GitHub Desktop | Simple collaboration from your desktop},
date = {12/10/2017},
url = {https://desktop.github.com/},
author = {GitHub},
}

@online{github,
title = {GitHub},
date = {12/10/2017},
url = {https://github.com/},
author = {GitHub},
}

@online{facebook-messenger,
title = {Messenger},
date = {12/10/2017},
url = {http://www.messenger.com/},
author = {Facebook},
}

@online{moscow,
title = {MOSCOW method},
date = {12/12/2017},
url = {https://www.projectsmart.co.uk/moscow-method.php},
author = {Project Smart},
}

@online{GCC,
title = {GCC, the GNU Compiler Collection},
date = {12/12/2017},
url = {https://gcc.gnu.org/},
author = {Free Software Foundation, Inc},
}


@online{VC-2017,
title = {Visual Studio Build Tools now includes the VS2017 and VS2015 MSVC Toolsets},
date = {10/2/2017},
url = {https://blogs.msdn.microsoft.com/vcblog/2017/11/02/visual-studio-build-tools-now-include-the-vs2017-and-vs2015-msvc-toolsets/},
author = {Andrew Pardoe},
}

@online{boost,
title = {Boost provides free peer-reviewed portable C++ source libraries.},
date = {12/14/2017},
url = {https://boost.org/},
author = {Beman Dawes, David Abrahams},
}

@online{fakeit,
title = {FakeIt},
date = {11/28/2017},
url = {https://github.com/eranpeer/FakeIt},
author = {Eran Peer},
}


@online{geographiclib,
title = {GeographicLib},
date = {12/14/2014},
url = {https://geographiclib.sourceforge.io/html/index.html},
author = {Charles F. F. Karney},
}

@online{jsobjectnotation,
title = {Introducing JSON},
date = {12/14/2017},
url = {https://www.json.org/},
author = {json.org},
}

@online{ASE_model,
title = {ASE model},
date = {05/12/2017},
url = {http://studerende.au.dk/fileadmin/user_upload/Vejledning_til_udfaerdigelse_af_projektrapporter_v1.3.pdf},
author = {Torben Gregersen},
}

@online{V_model,
title = {The V Model},
date = {25/05/2009},
url = {https://buildingstrongerpartners.wordpress.com/tag/v-model/},
author = {Jack Barber},
}

@online{SysML,
title = {SysML},
date = {06/07/2006},
url = {http://www.omgsysml.org/what-is-sysml.htm},
author = {OMG®},
}

@online{SysML_faq,
title = {SysML faq},
date = {15/12/2017},
url = {http://sysmlforum.com/sysml-faq/},
author = {PivotPoint Technology Corp.},
}

@online{NodeJS_fast,
title = {Node vs. PHP performance},
date = {05/05/2016},
url = {http://www.hostingadvice.com/blog/comparing-node-js-vs-php-performance/},
author = {Roberto Sanchez},
}

@online{SD_cars,
title = {Self-driving cars},
date = {13/09/2017},
url = {http://fortune.com/2017/09/13/gm-cruise-self-driving-driverless-autonomous-cars/},
author = {Gene Munster},
}

@online{UAVs,
title = {UAV market analysis},
date = {08/082017},
url = {http://www.businessinsider.com/commercial-uav-market-analysis-2017-8?r=US&IR=T&IR=T},
author = {Divya Joshi},
}

@online{USVs,
title = {Unmanned surface vessels},
date = {29/03/2016},
url = {http://www.militaryaerospace.com/articles/2016/03/unmanned-surface-vessels.html},
author = {John Keller},
}

@online{scrum_success,
title = {SCRUM popularity},
date = {23/07/2015},
url = {https://www.forbes.com/sites/stevedenning/2015/07/23/the-worlds-most-popular-innovation-engine/#23ae5c767c76},
author = {Steve Denning},
}

@online{scrum_history,
title = {SCRUM history},
date = {15/10/2012},
url = {https://www.techwell.com/techwell-insights/2012/10/brief-history-scrum},
author = {Venkatesh Krishnamurthy},
}

@online{movable-type,
title = {Movable Type Scripts calculators},
date = {15/10/2017},
url = {https://www.movable-type.co.uk/scripts/latlong.html},
author = {Chris Veness},
}

@online{javawa,
title = {Javawa calculators},
date = {15/10/2017},
url = {http://geo.javawa.nl/coordcalc/index_en.html},
author = {"Javawa"},
}

@online{rhumb-greate-cirle,
title = {Mercators 500th birthday},
date = {05/03/2012},
url = {https://blogs.esri.com/esri/arcgis/2012/03/05/mercators-500th-birthday/},
author = {abuckley},
}

@online{python,
title = {Welcome to Python.org},
date = {12/18/2017},
url = {https://www.python.org/},
author = {Python Software Foundation},
}

@online{javascript,
title = {JavaScript},
date = {12/18/2017},
url = {https://www.javascript.com/},
author = {Code school},
}

