@misc{RefWorks:13,
	author = 	 {K. Bjerge},
	title = 	 {ASE model}
}
@misc{RefWorks:14,
	author={H. Bruyninckx},
	year={2008},
	title={V-model},
	url={https://commons.wikimedia.org/wiki/File:V-model-en.png}
}
@book{RefWorks:7,
	author={P. Corke},
	year={2011},
	title={Robotics, Vision and Control},
	publisher={Springer},
	edition={1st},
	language={English},
	doi={doi.org/10.1007/978-3-642-20144-8}
}
@article{RefWorks:4,
	author={K. Djouani and Y. Hamam},
	year={1995},
	title={Minimum time-energy trajectory planning for automatic ship berthing},
	journal={IEEE Journal of Oceanic Engineering},
	volume={20},
	number={1},
	pages={4-12},
	note={A ship optimal trajectory planning method based on the dynamic model of the ship is presented. First a mathematical modular model is introduced for describing...},
	abstract={A ship optimal trajectory planning method based on the dynamic model of the ship is presented. First a mathematical modular model is introduced for describing the non-linear dynamics of the ship. Then the problem of optimal trajectory planning is discussed. The trajectory is obtained through the optimization of a time-energy criterion, taking into account constraints on the steering system, environment, non-linearities, and non-convexity of the state space equations. The discrete augmented Lagrangian approach is used to compute the optimal constrained controller. The method was programmed on a HP700 workstation. This approach was applied to automatic ship berthing maneuver.},
	keywords={optimal trajectory planning; state space equations; state-space methods; Lagrangian functions; nonlinear dynamics; discrete augmented Lagrangian approach; position control; mathematical modular model; HP700 workstation; nonlinearities; control system CAD; ships; minimisation; dynamic model; optimal constrained controller; Nonlinear equations; constraint theory; optimal control; Mathematical model; optimization; Marine vehicles; time-energy criterion; Nonlinear dynamical systems; Steering systems; nonconvexity; Constraint optimization; path planning; automatic ship berthing; minimum time-energy trajectory planning; Trajectory},
	isbn={0364-9059},
	language={English},
	doi={10.1109/48.380251}
}
@misc{RefWorks:1,
	author={EIVA},
	year={2017},
	title={ELECTRONICS/SOFTWARE - Boat autopilot}
}
@book{RefWorks:10,
	author={T. I. Fossen},
	year={1994},
	title={Guidance and control of ocean vehicles},
	publisher={Wiley},
	address={Chichester},
	pages={480},
	keywords={Ship handling; Stability of ships; Remote submersibles; skibe; styring; regulering; dynamik; stabilitet; autopiloter; fjernstyring; automatisk kontrol; rov; s√∏transport},
	isbn={0-471-94113-1},
	language={eng}
}
@article{RefWorks:6,
	author={Rudolph Emil Kalman},
	year={1960},
	title={A new approach to linear filtering and prediction problems},
	journal={Journal of basic Engineering},
	volume={82},
	number={1},
	pages={35-45},
	url={https://www.cs.unc.edu/~welch/kalman/media/pdf/Kalman1960.pdf}
}
@article{RefWorks:12,
	author={Hanguen Kim and Donghoon Kim and Jae-Uk Shin and Hyongjin Kim and Hyun Myung},
	year={2014},
	title={Angular rate-constrained path planning algorithm for unmanned surface vehicles},
	journal={Ocean Engineering},
	volume={84},
	pages={37-44},
	keywords={Algorithms; Analysis},
	isbn={0029-8018},
	language={English},
	doi={10.1016/j.oceaneng.2014.03.034}
}
@article{RefWorks:3,
	author={S. D. Lee and C. H. Yu and K. Y. Hsiu and Y. F. Hsieh and C. Y. Tzeng and Y. Z. Kehr},
	year={2010},
	title={Design and experiment of a small boat track-keeping autopilot},
	journal={Ocean Engineering},
	volume={37},
	number={2},
	pages={208-217},
	keywords={Bezier curve; Internal model control (IMC); Track-keeping autopilot; Global positioning system (GPS); Line-of-sight (LOS); Computer-generated environments; Marine machinery; Computer simulation; Cigarette boats; Analysis; Boats and boating},
	isbn={0029-8018},
	language={English},
	doi={10.1016/j.oceaneng.2009.11.005}
}
@inproceedings{RefWorks:11,
	author={T. Nakatani and M. Endo and K. Sasaya and T. Miwa and H. Mikami and T. Kaneda and E. Kanayama and E. Ura},
	year={2011},
	title={A study on ship's autopilot system for a small boat},
	booktitle={2011 11th International Conference on Control, Automation and Systems},
	pages={1756-1760},
	note={ID: 1},
	isbn={2093-7121}
}
@misc{RefWorks:15,
	author={Wikipedia},
	title={NMEA 0183},
	volume={2017},
	number={15-06}
}